<record><leader>00000cas a2200000 a 4500</leader><controlfield tag="001">7353726</controlfield><controlfield tag="008">810421d19691993ilumr ne      0   a0eng c</controlfield><datafield ind1=" " ind2=" " tag="010"><subfield code="a">sn 81004250 </subfield></datafield><datafield ind1=" " ind2=" " tag="040"><subfield code="a">NSD</subfield><subfield code="b">eng</subfield><subfield code="c">NSD</subfield><subfield code="d">DLC</subfield><subfield code="d">NSD</subfield><subfield code="d">NST</subfield><subfield code="d">NSD</subfield><subfield code="d">NST</subfield><subfield code="d">ELM</subfield><subfield code="d">CNW</subfield><subfield code="d">OCL</subfield><subfield code="d">OCLCQ</subfield><subfield code="d">CUV</subfield><subfield code="d">NVF</subfield><subfield code="d">OCLCF</subfield><subfield code="d">OCLCO</subfield></datafield><datafield ind1=" " ind2=" " tag="012"><subfield code="b">3</subfield><subfield code="j">0</subfield><subfield code="l">1</subfield></datafield><datafield ind1="0" ind2=" " tag="022"><subfield code="a">0276-363X</subfield><subfield code="l">0276-363X</subfield><subfield code="2">1</subfield></datafield><datafield ind1="1" ind2=" " tag="029"><subfield code="a">AU@</subfield><subfield code="b">000025839717</subfield></datafield><datafield ind1=" " ind2=" " tag="042"><subfield code="a">nsdp</subfield><subfield code="a">pcc</subfield></datafield><datafield ind1=" " ind2=" " tag="043"><subfield code="a">n-us---</subfield></datafield><datafield ind1="1" ind2="0" tag="050"><subfield code="a">Discard</subfield></datafield><datafield ind1="1" ind2="0" tag="082"><subfield code="a">322</subfield><subfield code="2">11</subfield></datafield><datafield ind1=" " ind2="4" tag="222"><subfield code="a">The Workers' advocate</subfield></datafield><datafield ind1="0" ind2="4" tag="245"><subfield code="a">The workers' advocate.</subfield></datafield><datafield ind1="3" ind2="3" tag="246"><subfield code="a">Workers advocate</subfield></datafield><datafield ind1=" " ind2=" " tag="260"><subfield code="a">Cleveland, Ohio :</subfield><subfield code="b">[s.n.],</subfield><subfield code="c">1969-1993.</subfield></datafield><datafield ind1="3" ind2=" " tag="260"><subfield code="a">&lt;Feb. 25, 1981&gt;-</subfield><subfield code="a">Chicago, Ill. :</subfield><subfield code="b">Marxist-Leninist Publications</subfield></datafield><datafield ind1=" " ind2=" " tag="310"><subfield code="a">Monthly</subfield></datafield><datafield ind1="1" ind2=" " tag="362"><subfield code="a">Began July 2, 1969. Ceased in Nov. 1993.</subfield></datafield><datafield ind1=" " ind2=" " tag="500"><subfield code="a">"Workers of all countries unite!"</subfield></datafield><datafield ind1=" " ind2=" " tag="500"><subfield code="a">Nov. 15, 1979 issue called also "Special issue."</subfield></datafield><datafield ind1=" " ind2=" " tag="530"><subfield code="a">Available on microfilm;</subfield><subfield code="b">Library of Congress Photoduplication Service.</subfield></datafield><datafield ind1=" " ind2=" " tag="550"><subfield code="a">"Newspaper of the Central Organization of U.S. Marxist-Leninists."</subfield></datafield><datafield ind1=" " ind2=" " tag="588"><subfield code="a">Description based on: Vol. 1, no. 4 (Dec. 1969).</subfield></datafield><datafield ind1=" " ind2=" " tag="588"><subfield code="a">Latest issue consulted: Aug. 20, 1983.</subfield></datafield><datafield ind1=" " ind2="0" tag="650"><subfield code="a">Communism</subfield><subfield code="z">United States</subfield><subfield code="v">Newspapers.</subfield></datafield><datafield ind1=" " ind2="0" tag="650"><subfield code="a">Working class</subfield><subfield code="v">Newspapers.</subfield></datafield><datafield ind1=" " ind2="7" tag="655"><subfield code="a">Newspapers.</subfield><subfield code="2">fast</subfield><subfield code="0">(OCoLC)fst01423814</subfield></datafield><datafield ind1=" " ind2="7" tag="650"><subfield code="a">Communism.</subfield><subfield code="2">fast</subfield><subfield code="0">(OCoLC)fst00870421</subfield></datafield><datafield ind1=" " ind2="7" tag="650"><subfield code="a">Working class.</subfield><subfield code="2">fast</subfield><subfield code="0">(OCoLC)fst01180418</subfield></datafield><datafield ind1=" " ind2="7" tag="651"><subfield code="a">United States.</subfield><subfield code="2">fast</subfield><subfield code="0">(OCoLC)fst01204155</subfield></datafield><datafield ind1="2" ind2=" " tag="710"><subfield code="a">American Communist Workers Movement (Marxist-Leninist)</subfield></datafield><datafield ind1="2" ind2=" " tag="710"><subfield code="a">Marxist-Leninist Party, USA.</subfield></datafield><datafield ind1="2" ind2=" " tag="710"><subfield code="a">Central Organization of U.S. Marxist-Leninists.</subfield></datafield><datafield ind1=" " ind2=" " tag="752"><subfield code="a">United States</subfield><subfield code="b">Ohio</subfield><subfield code="c">Cuyahoga</subfield><subfield code="d">Cleveland.</subfield></datafield><datafield ind1=" " ind2=" " tag="752"><subfield code="a">United States</subfield><subfield code="b">Illinois</subfield><subfield code="c">Cook</subfield><subfield code="d">Chicago.</subfield></datafield><datafield ind1="0" ind2=" " tag="770"><subfield code="t">Estandarte obrero</subfield><subfield code="x">0276-4954</subfield><subfield code="w">(OCoLC)7369460</subfield></datafield><datafield ind1="0" ind2=" " tag="770"><subfield code="t">Workers' advocate supplement</subfield><subfield code="x">0882-6366</subfield><subfield code="w">(OCoLC)11930068</subfield></datafield><datafield ind1="1" ind2=" " tag="776"><subfield code="t">Workers' advocate</subfield><subfield code="x">0276-363X</subfield><subfield code="w">(DLC)sf 88092596</subfield><subfield code="w">(OCoLC)18362150</subfield></datafield><datafield ind1=" " ind2=" " tag="850"><subfield code="a">DLC</subfield><subfield code="a">KU-S</subfield><subfield code="a">MiU</subfield><subfield code="a">NN</subfield></datafield></record>